<record><leader>00000cas a2200000 i 4500</leader><controlfield tag="001">13664609</controlfield><controlfield tag="008">860530d19051909inuwr ne      0    0eng c</controlfield><datafield ind1=" " ind2=" " tag="010"><subfield code="a">sn 86058570 </subfield></datafield><datafield ind1=" " ind2=" " tag="040"><subfield code="a">NPI</subfield><subfield code="b">eng</subfield><subfield code="e">rda</subfield><subfield code="c">NPI</subfield><subfield code="d">OCLCQ</subfield><subfield code="d">IUL</subfield><subfield code="d">OCLCF</subfield></datafield><datafield ind1="1" ind2=" " tag="029"><subfield code="a">AU@</subfield><subfield code="b">000025804187</subfield></datafield><datafield ind1=" " ind2=" " tag="042"><subfield code="a">pcc</subfield></datafield><datafield ind1=" " ind2=" " tag="043"><subfield code="a">n-us-in</subfield></datafield><datafield ind1="0" ind2="4" tag="245"><subfield code="a">The Henry County tribune.</subfield></datafield><datafield ind1=" " ind2="1" tag="264"><subfield code="a">New Castle and Spiceland, Indiana :</subfield><subfield code="b">Fleming Ratcliff,</subfield><subfield code="c">1905-</subfield></datafield><datafield ind1=" " ind2=" " tag="300"><subfield code="a">volumes :</subfield><subfield code="b">illustrations ;</subfield><subfield code="c">56 cm</subfield></datafield><datafield ind1=" " ind2=" " tag="310"><subfield code="a">Weekly</subfield></datafield><datafield ind1=" " ind2=" " tag="336"><subfield code="a">text</subfield><subfield code="b">txt</subfield><subfield code="2">rdacontent</subfield></datafield><datafield ind1=" " ind2=" " tag="337"><subfield code="a">unmediated</subfield><subfield code="b">n</subfield><subfield code="2">rdamedia</subfield></datafield><datafield ind1=" " ind2=" " tag="338"><subfield code="a">volume</subfield><subfield code="b">nc</subfield><subfield code="2">rdacarrier</subfield></datafield><datafield ind1="0" ind2=" " tag="362"><subfield code="a">Volume 9, no. 4 (July 14, 1905)-</subfield></datafield><datafield ind1="1" ind2=" " tag="362"><subfield code="a">Ceased in 1909.</subfield></datafield><datafield ind1=" " ind2=" " tag="500"><subfield code="a">Republican. Cf. N.W. Ayer &amp; Son American newspaper annual and directory.</subfield></datafield><datafield ind1=" " ind2=" " tag="500"><subfield code="a">Title from masthead.</subfield></datafield><datafield ind1=" " ind2=" " tag="580"><subfield code="a">Published also 1908-1909 in daily eds. called: New Castle tribune (New Castle, Ind. : 1908); Tribune (New Castle, Ind.); Daily tribune (New Castle, Ind.); New Castle evening tribune; and: New Castle tribune (New Castle, Ind. : 1909).</subfield></datafield><datafield ind1=" " ind2=" " tag="588"><subfield code="a">Latest issue consulted: Volume 12, no. 36 (Feb. 26, 1909); U.S. Newspaper Archive (viewed Aug. 7, 2017).</subfield></datafield><datafield ind1=" " ind2="0" tag="651"><subfield code="a">New Castle (Ind.)</subfield><subfield code="v">Newspapers.</subfield></datafield><datafield ind1=" " ind2="0" tag="651"><subfield code="a">Spiceland (Ind.)</subfield><subfield code="v">Newspapers.</subfield></datafield><datafield ind1=" " ind2="0" tag="651"><subfield code="a">Henry County (Ind.)</subfield><subfield code="v">Newspapers.</subfield></datafield><datafield ind1=" " ind2="7" tag="651"><subfield code="a">Indiana</subfield><subfield code="z">Henry County.</subfield><subfield code="2">fast</subfield><subfield code="0">(OCoLC)fst01209009</subfield></datafield><datafield ind1=" " ind2="7" tag="651"><subfield code="a">Indiana</subfield><subfield code="z">New Castle.</subfield><subfield code="2">fast</subfield><subfield code="0">(OCoLC)fst01236657</subfield></datafield><datafield ind1=" " ind2="7" tag="651"><subfield code="a">Indiana</subfield><subfield code="z">Spiceland.</subfield><subfield code="2">fast</subfield><subfield code="0">(OCoLC)fst01257063</subfield></datafield><datafield ind1=" " ind2="7" tag="655"><subfield code="a">Newspapers.</subfield><subfield code="2">fast</subfield><subfield code="0">(OCoLC)fst01423814</subfield></datafield><datafield ind1=" " ind2=" " tag="752"><subfield code="a">United States</subfield><subfield code="b">Indiana</subfield><subfield code="c">Henry</subfield><subfield code="d">New Castle.</subfield></datafield><datafield ind1=" " ind2=" " tag="752"><subfield code="a">United States</subfield><subfield code="b">Indiana</subfield><subfield code="c">Henry</subfield><subfield code="d">Spiceland.</subfield></datafield><datafield ind1="1" ind2=" " tag="775"><subfield code="t">New Castle tribune (New Castle, Ind. : 1908)</subfield><subfield code="w">(DLC)sn 86058577</subfield><subfield code="w">(OCoLC)13664614</subfield></datafield><datafield ind1="1" ind2=" " tag="775"><subfield code="t">Tribune (New Castle, Ind.)</subfield><subfield code="w">(DLC)sn 86058578</subfield><subfield code="w">(OCoLC)13664618</subfield></datafield><datafield ind1="1" ind2=" " tag="775"><subfield code="t">Daily tribune (New Castle, Ind.)</subfield><subfield code="w">(DLC)sn 86058579</subfield><subfield code="w">(OCoLC)13664632</subfield></datafield><datafield ind1="1" ind2=" " tag="775"><subfield code="t">New Castle evening tribune</subfield><subfield code="w">(DLC)sn 86058580</subfield><subfield code="w">(OCoLC)13664638</subfield></datafield><datafield ind1="1" ind2=" " tag="775"><subfield code="t">New Castle tribune (New Castle, Ind. : 1909)</subfield><subfield code="w">(DLC)sn 86058581</subfield><subfield code="w">(OCoLC)13664645</subfield></datafield><datafield ind1="0" ind2="0" tag="780"><subfield code="t">New Castle tribune (New Castle, Ind. : 1903)</subfield><subfield code="w">(DLC)sn 86058569</subfield><subfield code="w">(OCoLC)13664597</subfield></datafield><datafield ind1="4" ind2="1" tag="856"><subfield code="u">https://access.newspaperarchive.com/us/indiana/new-castle/new-castle-henry-county-tribune/</subfield></datafield><datafield ind1="4" ind2="1" tag="856"><subfield code="u">https://access.newspaperarchive.com/us/indiana/new-castle/new-castle-tribune/</subfield></datafield></record>